%% This BibTeX bibliography file was created using BibDesk.
%% http://bibdesk.sourceforge.net/

%% Created for Leo Freitas at 2022-12-23 11:36:41 +0000 


%% Saved with string encoding Unicode (UTF-8) 



@article{NQueens,
	author = {Peter Naur},
	date-added = {2022-12-23 11:35:51 +0000},
	date-modified = {2022-12-23 11:36:39 +0000},
	journal = {BIT},
	pages = {347--365},
	title = {{An Experiment in Program Development}},
	volume = {12},
	year = {1972}}

@misc{NimFull,
	author = {Leo Freitas},
	date-added = {2022-12-23 11:27:26 +0000},
	date-modified = {2022-12-23 11:27:26 +0000},
	title = {A {VDM} translation strategy to Isabelle ({Nill Full} game)},
	year = {2016}}

@inproceedings{AdvancedVSCodePaper,
	annote = {Rask, J. K. and Madsen, F. P. and Battle, N. and Freitas, L. and Macedo, H. D. and Larsen, P. G},
	author = {Rask, J. K. and others},
	booktitle = {20th International Overture Workshop},
	date-added = {2022-12-23 11:22:47 +0000},
	date-modified = {2022-12-23 11:22:47 +0000},
	pages = {35-50},
	title = {{Advanced VDM Support in Visual Studio Code}},
	year = {2022}}

@techreport{bipm-jcgm:2012:VIM,
	author = {{Bureau International des Poids et Mesures} and {Joint Committee for Guides in Metrology}},
	institution = {BIPM, JCGM},
	note = {Version 2008 with minor corrections},
	title = {Basic and general concepts and associated terms (VIM) (3rd ed.).},
	year = {2012}}

@book{NPL-book,
	author = {National Physical Laboratory},
	publisher = {NPL},
	title = {A to Z of Measurement},
	year = {2019}}

@article{Physical_Quantities-AFP,
	author = {Simon Foster and Burkhart Wolff},
	issn = {2150-914x},
	journal = {Archive of Formal Proofs},
	month = {October},
	note = {\url{https://isa-afp.org/entries/Physical_Quantities.html}, Formal proof development},
	title = {A Sound Type System for Physical Quantities, Units, and Measurements},
	year = {2020}}

@inproceedings{Kulik&20,
	author = {Tomas Kulik and Hugo Daniel Macedo and Prasad Talasila and Peter Gorm Larsen},
	booktitle = {Proceedings of the 18th International Overture Workshop},
	editor = {John S Fitzgerald and Tomohiro Oda and Hugo Daniel Macedo},
	key = {Kulik\&20},
	month = {December},
	organization = {Overture},
	pages = {20--34},
	title = {{Modelling the HUBCAP Sandbox Architecture In VDM -- a Study In Security}},
	year = {2020}}

@misc{Kulik&21,
	archiveprefix = {arXiv},
	author = {Tomas Kulik and Brijesh Dongol and Peter Gorm Larsen and Hugo Daniel Macedo and Steve Schneider and Peter W{\"u}rtz Vinther Tran-J{\o}rgensen and Jim Woodcock},
	eprint = {2109.01362},
	note = {arXiv:2109.01362},
	primaryclass = {cs.FL},
	title = {A Survey of Practical Formal Methods for Security},
	year = {2021}}

@inproceedings{Kulik&21a,
	author = {Tomas Kulik and Prasad Talasila and Pietro Greco and Giuseppe Veneziano and Angelo Marguglio and Lorenzo Franco Sutton and Peter Gorm Larsen and Hugo Daniel Macedo},
	booktitle = {Proceedings of the 19th International Overture Workshop},
	editor = {Hugo Daniel Macedo and Casper Thule and Ken Pierce},
	key = {Kulik\&21},
	month = {10},
	organization = {Overture},
	title = {Extending the Formal Security Analysis of the HUBCAP sandbox},
	year = {2021}}

@inproceedings{Nilsson&18,
	address = {Oxford},
	author = {Ren\'e Nilsson and Kenneth Lausdahl and Hugo D. Macedo and Peter Gorm Larsen},
	booktitle = {The 16th Overture Workshop},
	editor = {Ken Pierce and Marcel Verhoef},
	month = {July},
	note = {{TR-1524}},
	organization = {Newcastle University, School of Computing},
	pages = {107--122},
	title = {{Transforming an industrial case study from VDM++ to VDM-SL}},
	year = {2018}}

@inproceedings{Macedo&08,
	author = {Hugo Daniel Macedo and Peter Gorm Larsen and John Fitzgerald},
	booktitle = {FM 2008: Formal Methods, 15th International Symposium on Formal Methods},
	editor = {Jorge Cuellar and Tom Maibaum and Kaisa Sere},
	key = {Macedo\&08},
	pages = {181--197},
	publisher = {Springer-Verlag},
	series = {Lecture Notes in Computer Science},
	title = {{Incremental Development of a Distributed Real-Time Model of a Cardiac Pacing System using VDM}},
	volume = {5014},
	year = {2008}}

@techreport{Battle09,
	address = {UK},
	author = {Nick Battle},
	comment = {Electronic copy available PGL},
	institution = {Fujitsu Services Ltd.},
	key = {Battle09},
	title = {{VDMJ User Guide}},
	year = {2009}}
