%% This BibTeX bibliography file was created using BibDesk.
%% http://bibdesk.sourceforge.net/

%% Created for Leo Freitas at 2022-11-22 16:45:30 +0000 


%% Saved with string encoding Unicode (UTF-8) 



@mastersthesis{EdwardWitness,
	author = {Edward Jacobs},
	date-added = {2022-11-22 16:44:40 +0000},
	date-modified = {2022-11-22 16:45:24 +0000},
	school = {Computing Science, Newcastle University},
	title = {Implementing Witness Annotations for VDMJ with Focus on Helping Prove an Existing Payment Protocol Model},
	year = {2017}}

@techreport{KrausSCNP,
	author = {Alexander Krauss and Armin Heller},
	date-added = {2022-11-22 16:42:38 +0000},
	date-modified = {2022-11-22 16:44:00 +0000},
	institution = {Technical University of Munich},
	title = {A Mechanized Proof Reconstruction for SCNP Termination},
	url = {https://www21.in.tum.de/~krauss/papers/scnp-wst.pdf},
	year = {2012}}

@book{TermRewriting,
	author = {Baader, Franz and Nipkow, Tobias},
	date-added = {2022-11-22 16:40:56 +0000},
	date-modified = {2022-11-22 16:41:03 +0000},
	doi = {10.1017/CBO9781139172752},
	place = {Cambridge},
	publisher = {Cambridge University Press},
	title = {Term Rewriting and All That},
	year = {1998},
	bdsk-url-1 = {https://doi.org/10.1017/CBO9781139172752}}

@misc{NimFull,
	author = {Leo Freitas },
	date-added = {2022-11-22 16:38:58 +0000},
	date-modified = {2022-11-22 16:40:10 +0000},
	title = {A VDM translation strategy to Isabelle (Nill Full game)},
	year = {2016}}

@manual{VDMJAnnotations,
	author = {Nick Battle},
	date-added = {2022-11-22 16:37:36 +0000},
	date-modified = {2022-11-22 16:38:25 +0000},
	title = {VDMJ Annotaions Guide},
	year = {2022}}

@manual{IsaFunctionPackage,
	author = {Alexander Krauss},
	date-added = {2022-11-22 16:36:38 +0000},
	date-modified = {2022-11-22 16:44:16 +0000},
	organization = {Technical University of Munich},
	title = {Defining Recursive Functions in Isabelle/HOL},
	year = {2021}}

@inproceedings{AdvancedVSCodePaper,
	author = {Rask, J. K. and Madsen, F. P. and Battle, N. and Freitas, L. and Macedo, H. D. and Larsen, P. G},
	booktitle = {Proceedings of the 20th International Overture Workshop},
	date-added = {2022-11-22 16:36:24 +0000},
	date-modified = {2022-11-22 16:36:24 +0000},
	pages = {35-50},
	title = {Advanced VDM Support in Visual Studio Code},
	year = {2022}}

@techreport{Battle09,
	address = {UK},
	author = {Nick Battle},
	comment = {Electronic copy available PGL},
	institution = {Fujitsu Services Ltd.},
	key = {Battle09},
	title = {{VDMJ User Guide}},
	year = {2009}}
